timestamp,cpu_util_pct,mem_used_gb,mem_total_gb
2026-04-26T12:24:29.293047+00:00,12.4,5.02,62.66
2026-04-26T12:24:30.311381+00:00,12.6,5.03,62.66
2026-04-26T12:24:31.331177+00:00,13.1,5.03,62.66
2026-04-26T12:24:32.352272+00:00,4.0,5.02,62.66
2026-04-26T12:24:33.385064+00:00,3.2,5.04,62.66
2026-04-26T12:24:34.408141+00:00,3.0,5.01,62.66
2026-04-26T12:24:35.437825+00:00,2.7,5.02,62.66
2026-04-26T12:24:36.470716+00:00,12.5,5.20,62.66
2026-04-26T12:24:37.492166+00:00,6.4,5.29,62.66
2026-04-26T12:24:38.544255+00:00,14.4,5.38,62.66
2026-04-26T12:24:39.564693+00:00,5.0,5.52,62.66
2026-04-26T12:24:40.585921+00:00,7.1,5.81,62.66
2026-04-26T12:24:41.604365+00:00,3.6,5.80,62.66
2026-04-26T12:24:42.630756+00:00,4.4,5.80,62.66
2026-04-26T12:24:43.652396+00:00,4.9,5.81,62.66
2026-04-26T12:24:44.669105+00:00,4.8,5.84,62.66
2026-04-26T12:24:45.685113+00:00,4.8,5.88,62.66
2026-04-26T12:24:46.701537+00:00,4.8,6.12,62.66
2026-04-26T12:24:47.718961+00:00,17.3,7.25,62.66
2026-04-26T12:24:48.737198+00:00,13.1,7.94,62.66
2026-04-26T12:24:49.754600+00:00,4.8,7.96,62.66
2026-04-26T12:24:50.771318+00:00,4.8,7.99,62.66
2026-04-26T12:24:51.789437+00:00,4.7,8.08,62.66
2026-04-26T12:24:52.806255+00:00,5.3,8.12,62.66
2026-04-26T12:24:53.827698+00:00,2.5,8.11,62.66
2026-04-26T12:24:54.853377+00:00,2.5,8.19,62.66
2026-04-26T12:24:55.896478+00:00,3.2,8.20,62.66
2026-04-26T12:24:56.924250+00:00,2.4,8.22,62.66
2026-04-26T12:24:57.949600+00:00,1.8,8.25,62.66
2026-04-26T12:24:58.979846+00:00,2.6,8.30,62.66
2026-04-26T12:25:00.004202+00:00,2.5,8.30,62.66
2026-04-26T12:25:01.041730+00:00,2.4,8.30,62.66
2026-04-26T12:25:02.070158+00:00,12.4,8.55,62.66
2026-04-26T12:25:03.086809+00:00,4.9,8.53,62.66
2026-04-26T12:25:04.103483+00:00,12.8,8.64,62.66
2026-04-26T12:25:05.122066+00:00,12.7,8.74,62.66
2026-04-26T12:25:06.138949+00:00,12.8,8.83,62.66
2026-04-26T12:25:07.158140+00:00,3.8,8.90,62.66
2026-04-26T12:25:08.184904+00:00,2.2,8.88,62.66
2026-04-26T12:25:09.210861+00:00,3.2,8.98,62.66
2026-04-26T12:25:10.229073+00:00,6.3,9.08,62.66
2026-04-26T12:25:11.246154+00:00,5.0,9.10,62.66
2026-04-26T12:25:12.266104+00:00,5.5,9.10,62.66
2026-04-26T12:25:13.285340+00:00,4.8,9.11,62.66
2026-04-26T12:25:14.304703+00:00,4.9,9.12,62.66
2026-04-26T12:25:15.323563+00:00,5.0,9.12,62.66
2026-04-26T12:25:16.343161+00:00,4.8,9.13,62.66
2026-04-26T12:25:17.360245+00:00,4.8,9.13,62.66
2026-04-26T12:25:18.379323+00:00,5.0,9.13,62.66
2026-04-26T12:25:19.396699+00:00,4.9,9.12,62.66
2026-04-26T12:25:20.414549+00:00,5.0,9.12,62.66
2026-04-26T12:25:21.432059+00:00,5.0,9.14,62.66
2026-04-26T12:25:22.449782+00:00,4.9,9.13,62.66
2026-04-26T12:25:23.467880+00:00,4.8,9.13,62.66
2026-04-26T12:25:24.485956+00:00,4.9,9.14,62.66
2026-04-26T12:25:25.504938+00:00,4.9,9.12,62.66
2026-04-26T12:25:26.522702+00:00,5.2,9.12,62.66
2026-04-26T12:25:27.539903+00:00,4.9,9.13,62.66
2026-04-26T12:25:28.560511+00:00,6.7,9.13,62.66
2026-04-26T12:25:29.577897+00:00,6.5,9.12,62.66
2026-04-26T12:25:30.597565+00:00,6.3,9.13,62.66
2026-04-26T12:25:31.617092+00:00,6.1,9.10,62.66
2026-04-26T12:25:32.635554+00:00,6.1,9.09,62.66
2026-04-26T12:25:33.653463+00:00,5.9,9.09,62.66
2026-04-26T12:25:34.671159+00:00,5.9,9.09,62.66
2026-04-26T12:25:35.689022+00:00,5.9,9.09,62.66
2026-04-26T12:25:36.708015+00:00,5.9,9.11,62.66
2026-04-26T12:25:37.725554+00:00,6.0,9.10,62.66
2026-04-26T12:25:38.743636+00:00,6.2,9.10,62.66
2026-04-26T12:25:39.763165+00:00,6.0,9.08,62.66
2026-04-26T12:25:40.780919+00:00,6.2,9.09,62.66
2026-04-26T12:25:41.799766+00:00,5.1,9.10,62.66
2026-04-26T12:25:42.818870+00:00,5.0,9.11,62.66
2026-04-26T12:25:43.837887+00:00,4.9,9.11,62.66
2026-04-26T12:25:44.855880+00:00,5.1,9.11,62.66
2026-04-26T12:25:45.873803+00:00,4.9,9.12,62.66
2026-04-26T12:25:46.893102+00:00,4.8,9.13,62.66
2026-04-26T12:25:47.910433+00:00,5.0,9.13,62.66
2026-04-26T12:25:48.928177+00:00,5.0,9.13,62.66
2026-04-26T12:25:49.945620+00:00,5.6,9.12,62.66
2026-04-26T12:25:50.965236+00:00,5.5,9.12,62.66
2026-04-26T12:25:51.983751+00:00,5.7,9.12,62.66
2026-04-26T12:25:53.003161+00:00,5.7,9.11,62.66
2026-04-26T12:25:54.025327+00:00,6.1,9.10,62.66
2026-04-26T12:25:55.047535+00:00,6.0,9.12,62.66
2026-04-26T12:25:56.070093+00:00,5.9,9.12,62.66
2026-04-26T12:25:57.095662+00:00,5.5,9.13,62.66
2026-04-26T12:25:58.115087+00:00,2.8,8.41,62.66
