timestamp,cpu_util_pct,mem_used_gb,mem_total_gb
2026-04-25T05:03:56.919419+00:00,12.9,4.31,62.66
2026-04-25T05:03:57.941059+00:00,12.6,4.40,62.66
2026-04-25T05:03:58.961283+00:00,12.6,4.49,62.66
2026-04-25T05:03:59.982063+00:00,2.6,4.51,62.66
2026-04-25T05:04:01.013625+00:00,2.0,4.52,62.66
2026-04-25T05:04:02.043082+00:00,3.8,4.58,62.66
2026-04-25T05:04:03.070563+00:00,2.5,4.65,62.66
2026-04-25T05:04:04.106424+00:00,11.8,4.92,62.66
2026-04-25T05:04:05.126120+00:00,4.6,5.06,62.66
2026-04-25T05:04:06.146129+00:00,18.0,5.13,62.66
2026-04-25T05:04:07.179641+00:00,4.6,5.24,62.66
2026-04-25T05:04:08.201143+00:00,7.0,5.57,62.66
2026-04-25T05:04:09.219442+00:00,4.4,5.58,62.66
2026-04-25T05:04:10.245027+00:00,3.8,5.57,62.66
2026-04-25T05:04:11.264232+00:00,5.1,5.61,62.66
2026-04-25T05:04:12.283748+00:00,4.3,5.61,62.66
2026-04-25T05:04:13.299647+00:00,4.6,5.64,62.66
2026-04-25T05:04:14.317931+00:00,4.6,5.82,62.66
2026-04-25T05:04:15.336754+00:00,5.0,5.93,62.66
2026-04-25T05:04:16.355919+00:00,4.9,5.93,62.66
2026-04-25T05:04:17.372300+00:00,4.8,5.96,62.66
2026-04-25T05:04:18.389073+00:00,4.8,5.99,62.66
2026-04-25T05:04:19.407926+00:00,4.8,6.08,62.66
2026-04-25T05:04:20.425746+00:00,4.5,6.14,62.66
2026-04-25T05:04:21.442917+00:00,2.2,6.16,62.66
2026-04-25T05:04:22.468075+00:00,0.9,6.24,62.66
2026-04-25T05:04:23.493138+00:00,1.5,6.26,62.66
2026-04-25T05:04:24.519141+00:00,0.8,6.24,62.66
2026-04-25T05:04:25.545980+00:00,0.5,6.25,62.66
2026-04-25T05:04:26.569299+00:00,0.9,6.27,62.66
2026-04-25T05:04:27.594233+00:00,1.0,6.25,62.66
2026-04-25T05:04:28.621015+00:00,0.3,6.25,62.66
2026-04-25T05:04:29.646988+00:00,11.1,6.53,62.66
2026-04-25T05:04:30.664673+00:00,4.3,6.55,62.66
2026-04-25T05:04:31.680856+00:00,12.3,6.69,62.66
2026-04-25T05:04:32.699148+00:00,12.3,6.79,62.66
2026-04-25T05:04:33.715019+00:00,12.3,6.82,62.66
2026-04-25T05:04:34.733052+00:00,2.7,6.89,62.66
2026-04-25T05:04:35.767702+00:00,0.5,6.93,62.66
2026-04-25T05:04:36.783816+00:00,2.7,6.99,62.66
2026-04-25T05:04:37.801539+00:00,5.6,7.16,62.66
2026-04-25T05:04:38.818649+00:00,4.3,7.16,62.66
2026-04-25T05:04:39.837068+00:00,4.4,7.16,62.66
2026-04-25T05:04:40.855828+00:00,4.4,7.15,62.66
2026-04-25T05:04:41.874343+00:00,4.4,7.14,62.66
2026-04-25T05:04:42.891308+00:00,4.4,7.14,62.66
2026-04-25T05:04:43.908629+00:00,4.4,7.13,62.66
2026-04-25T05:04:44.927041+00:00,4.4,7.13,62.66
2026-04-25T05:04:45.946280+00:00,4.4,7.12,62.66
2026-04-25T05:04:46.970779+00:00,4.3,7.12,62.66
2026-04-25T05:04:47.987688+00:00,4.5,7.12,62.66
2026-04-25T05:04:49.006468+00:00,4.4,7.12,62.66
2026-04-25T05:04:50.025226+00:00,4.4,7.12,62.66
2026-04-25T05:04:51.042047+00:00,4.4,7.13,62.66
2026-04-25T05:04:52.060929+00:00,4.4,7.12,62.66
2026-04-25T05:04:53.078418+00:00,4.4,7.13,62.66
2026-04-25T05:04:54.095412+00:00,4.4,7.15,62.66
2026-04-25T05:04:55.113955+00:00,4.4,7.14,62.66
2026-04-25T05:04:56.131636+00:00,4.4,7.13,62.66
2026-04-25T05:04:57.150741+00:00,4.4,7.13,62.66
2026-04-25T05:04:58.168934+00:00,4.4,7.12,62.66
2026-04-25T05:04:59.186048+00:00,6.5,7.12,62.66
2026-04-25T05:05:00.203348+00:00,4.8,7.12,62.66
2026-04-25T05:05:01.220603+00:00,4.8,7.12,62.66
2026-04-25T05:05:02.238302+00:00,5.4,7.12,62.66
2026-04-25T05:05:03.255291+00:00,5.1,7.14,62.66
2026-04-25T05:05:04.274714+00:00,4.8,7.14,62.66
2026-04-25T05:05:05.294853+00:00,4.8,7.13,62.66
2026-04-25T05:05:06.314718+00:00,5.0,7.14,62.66
2026-04-25T05:05:07.334027+00:00,4.9,7.14,62.66
2026-04-25T05:05:08.352968+00:00,4.8,7.15,62.66
2026-04-25T05:05:09.372796+00:00,4.8,7.15,62.66
2026-04-25T05:05:10.392437+00:00,4.8,7.13,62.66
2026-04-25T05:05:11.410546+00:00,4.9,7.14,62.66
2026-04-25T05:05:12.429975+00:00,4.8,7.13,62.66
2026-04-25T05:05:13.447640+00:00,4.4,7.13,62.66
2026-04-25T05:05:14.464346+00:00,4.5,7.12,62.66
2026-04-25T05:05:15.481424+00:00,4.4,7.12,62.66
2026-04-25T05:05:16.498923+00:00,4.5,7.12,62.66
2026-04-25T05:05:17.515795+00:00,4.4,7.12,62.66
2026-04-25T05:05:18.532896+00:00,4.4,7.12,62.66
2026-04-25T05:05:19.550548+00:00,4.8,7.12,62.66
2026-04-25T05:05:20.571281+00:00,4.8,7.12,62.66
2026-04-25T05:05:21.591686+00:00,4.8,7.12,62.66
2026-04-25T05:05:22.612067+00:00,4.7,7.12,62.66
2026-04-25T05:05:23.632111+00:00,4.8,7.11,62.66
2026-04-25T05:05:24.652864+00:00,1.0,6.42,62.66
