timestamp,cpu_util_pct,mem_used_gb,mem_total_gb
2026-05-27T02:18:55.456242+00:00,2.2,89.25,2014.83
2026-05-27T02:18:56.144342+00:00,2.4,89.33,2014.83
2026-05-27T02:18:56.804731+00:00,1.9,89.37,2014.83
2026-05-27T02:18:57.475820+00:00,2.1,89.43,2014.83
2026-05-27T02:18:58.161737+00:00,2.4,89.45,2014.83
2026-05-27T02:18:59.125438+00:00,1.7,89.47,2014.83
2026-05-27T02:18:59.772851+00:00,1.3,89.48,2014.83
2026-05-27T02:19:00.449060+00:00,2.7,89.56,2014.83
2026-05-27T02:19:01.134497+00:00,1.7,89.58,2014.83
2026-05-27T02:19:01.805260+00:00,1.3,89.67,2014.83
2026-05-27T02:19:02.451067+00:00,3.4,89.78,2014.83
2026-05-27T02:19:03.189867+00:00,2.5,89.86,2014.83
2026-05-27T02:19:03.856316+00:00,1.9,89.90,2014.83
2026-05-27T02:19:04.516066+00:00,2.0,89.96,2014.83
2026-05-27T02:19:05.194267+00:00,2.6,89.97,2014.83
2026-05-27T02:19:06.890471+00:00,2.1,90.19,2014.83
2026-05-27T02:19:08.090952+00:00,3.0,90.29,2014.83
2026-05-27T02:19:08.769855+00:00,2.5,90.57,2014.83
2026-05-27T02:19:09.432344+00:00,2.5,90.94,2014.83
2026-05-27T02:19:10.105103+00:00,1.6,91.02,2014.83
2026-05-27T02:19:10.791797+00:00,1.8,91.15,2014.83
2026-05-27T02:19:11.454164+00:00,3.6,91.22,2014.83
2026-05-27T02:19:12.128613+00:00,3.1,91.28,2014.83
2026-05-27T02:19:12.808058+00:00,2.4,91.37,2014.83
2026-05-27T02:19:13.494274+00:00,1.8,91.41,2014.83
2026-05-27T02:19:14.180263+00:00,2.0,91.40,2014.83
2026-05-27T02:19:14.912984+00:00,1.2,91.44,2014.83
2026-05-27T02:19:15.610112+00:00,1.5,91.43,2014.83
2026-05-27T02:19:16.308529+00:00,2.1,91.90,2014.83
2026-05-27T02:19:16.983372+00:00,5.5,93.12,2014.83
2026-05-27T02:19:17.658868+00:00,4.8,93.50,2014.83
2026-05-27T02:19:18.322583+00:00,4.9,93.87,2014.83
2026-05-27T02:19:18.983465+00:00,5.7,94.13,2014.83
2026-05-27T02:19:20.290970+00:00,2.0,94.29,2014.83
2026-05-27T02:19:21.654627+00:00,5.1,94.44,2014.83
2026-05-27T02:19:22.330857+00:00,5.0,94.50,2014.83
2026-05-27T02:19:23.018417+00:00,7.8,94.79,2014.83
2026-05-27T02:19:23.707303+00:00,4.3,95.05,2014.83
2026-05-27T02:19:24.383552+00:00,4.5,95.39,2014.83
2026-05-27T02:19:25.108369+00:00,4.7,95.55,2014.83
2026-05-27T02:19:25.794797+00:00,6.0,95.85,2014.83
2026-05-27T02:19:26.469709+00:00,4.2,95.97,2014.83
2026-05-27T02:19:27.145128+00:00,3.9,96.12,2014.83
2026-05-27T02:19:28.928258+00:00,1.1,96.25,2014.83
2026-05-27T02:19:30.248821+00:00,5.0,97.29,2014.83
2026-05-27T02:19:30.904669+00:00,2.9,99.41,2014.83
2026-05-27T02:19:32.071345+00:00,2.9,100.02,2014.83
2026-05-27T02:19:33.011381+00:00,4.0,100.16,2014.83
2026-05-27T02:19:33.657859+00:00,4.6,100.67,2014.83
2026-05-27T02:19:34.304030+00:00,6.0,101.71,2014.83
2026-05-27T02:19:35.102272+00:00,7.2,102.03,2014.83
2026-05-27T02:19:35.805503+00:00,10.7,102.45,2014.83
2026-05-27T02:19:36.497776+00:00,9.7,102.41,2014.83
2026-05-27T02:19:37.198758+00:00,8.2,102.40,2014.83
2026-05-27T02:19:37.887332+00:00,8.9,102.72,2014.83
2026-05-27T02:19:38.597924+00:00,8.5,102.70,2014.83
2026-05-27T02:19:39.275438+00:00,9.8,102.82,2014.83
2026-05-27T02:19:39.978603+00:00,7.6,102.89,2014.83
2026-05-27T02:19:40.654628+00:00,4.7,102.73,2014.83
2026-05-27T02:19:41.357887+00:00,6.0,102.72,2014.83
2026-05-27T02:19:42.029208+00:00,4.7,102.76,2014.83
2026-05-27T02:19:42.711790+00:00,4.3,102.77,2014.83
2026-05-27T02:19:43.381600+00:00,4.7,102.86,2014.83
2026-05-27T02:19:44.054046+00:00,4.4,102.88,2014.83
2026-05-27T02:19:44.736492+00:00,4.0,102.88,2014.83
2026-05-27T02:19:45.405486+00:00,5.1,102.93,2014.83
2026-05-27T02:19:46.100146+00:00,5.4,103.01,2014.83
2026-05-27T02:19:46.797442+00:00,4.0,103.04,2014.83
2026-05-27T02:19:47.681739+00:00,3.9,103.24,2014.83
2026-05-27T02:19:48.398713+00:00,4.9,103.53,2014.83
2026-05-27T02:19:49.077618+00:00,4.5,103.78,2014.83
2026-05-27T02:19:49.760440+00:00,4.3,103.75,2014.83
2026-05-27T02:19:50.440111+00:00,4.7,103.73,2014.83
2026-05-27T02:19:51.137414+00:00,4.5,103.72,2014.83
2026-05-27T02:19:51.843570+00:00,4.1,103.75,2014.83
2026-05-27T02:19:52.522380+00:00,4.1,103.74,2014.83
2026-05-27T02:19:53.202054+00:00,9.0,103.73,2014.83
2026-05-27T02:19:53.884264+00:00,4.1,103.75,2014.83
2026-05-27T02:19:54.576660+00:00,4.2,103.80,2014.83
2026-05-27T02:19:55.279847+00:00,4.9,103.79,2014.83
2026-05-27T02:19:55.985665+00:00,4.4,103.79,2014.83
2026-05-27T02:19:56.678772+00:00,4.9,103.74,2014.83
2026-05-27T02:19:57.372081+00:00,5.1,103.75,2014.83
2026-05-27T02:19:58.070758+00:00,4.5,104.61,2014.83
2026-05-27T02:19:58.783725+00:00,4.8,105.12,2014.83
2026-05-27T02:19:59.488728+00:00,4.5,105.19,2014.83
2026-05-27T02:20:00.189370+00:00,4.7,105.27,2014.83
2026-05-27T02:20:00.871153+00:00,4.0,105.35,2014.83
2026-05-27T02:20:01.753862+00:00,1.9,105.47,2014.83
2026-05-27T02:20:02.678228+00:00,3.8,105.71,2014.83
2026-05-27T02:20:03.502683+00:00,7.0,105.96,2014.83
2026-05-27T02:20:04.315025+00:00,4.8,106.37,2014.83
2026-05-27T02:20:05.138493+00:00,6.5,106.67,2014.83
2026-05-27T02:20:05.950857+00:00,7.6,107.05,2014.83
2026-05-27T02:20:06.794939+00:00,5.1,107.50,2014.83
2026-05-27T02:20:07.630922+00:00,5.0,107.88,2014.83
2026-05-27T02:20:08.480048+00:00,4.8,108.15,2014.83
2026-05-27T02:20:09.272833+00:00,3.4,108.32,2014.83
2026-05-27T02:20:10.098824+00:00,2.0,108.48,2014.83
2026-05-27T02:20:10.920159+00:00,3.1,108.54,2014.83
2026-05-27T02:20:11.712355+00:00,2.7,108.54,2014.83
2026-05-27T02:20:12.505562+00:00,2.8,108.57,2014.83
2026-05-27T02:20:13.276827+00:00,1.8,108.60,2014.83
2026-05-27T02:20:14.070793+00:00,1.0,108.63,2014.83
2026-05-27T02:20:14.890512+00:00,0.7,108.63,2014.83
2026-05-27T02:20:15.667202+00:00,2.5,108.65,2014.83
2026-05-27T02:20:16.440769+00:00,1.3,108.76,2014.83
2026-05-27T02:20:17.232045+00:00,1.1,108.97,2014.83
2026-05-27T02:20:18.008583+00:00,1.2,109.21,2014.83
2026-05-27T02:20:18.802543+00:00,1.3,109.30,2014.83
2026-05-27T02:20:19.575852+00:00,1.4,109.40,2014.83
2026-05-27T02:20:20.334298+00:00,1.7,109.54,2014.83
2026-05-27T02:20:21.125602+00:00,1.8,109.69,2014.83
2026-05-27T02:20:21.889128+00:00,1.4,109.86,2014.83
2026-05-27T02:20:22.670446+00:00,1.1,109.97,2014.83
2026-05-27T02:20:23.523599+00:00,1.4,110.15,2014.83
2026-05-27T02:20:24.323309+00:00,1.3,110.33,2014.83
2026-05-27T02:20:25.132300+00:00,2.0,110.57,2014.83
2026-05-27T02:20:25.938879+00:00,3.5,111.27,2014.83
2026-05-27T02:20:26.782851+00:00,3.7,111.41,2014.83
2026-05-27T02:20:27.629423+00:00,3.8,111.55,2014.83
2026-05-27T02:20:28.461393+00:00,3.9,111.64,2014.83
2026-05-27T02:20:29.294180+00:00,4.0,111.80,2014.83
2026-05-27T02:20:30.158464+00:00,4.3,111.95,2014.83
2026-05-27T02:20:30.969315+00:00,4.6,112.29,2014.83
2026-05-27T02:20:31.796522+00:00,3.7,113.15,2014.83
2026-05-27T02:20:32.623915+00:00,3.6,114.18,2014.83
2026-05-27T02:20:33.455601+00:00,4.2,114.39,2014.83
2026-05-27T02:20:34.299464+00:00,4.1,112.97,2014.83
2026-05-27T02:20:35.146845+00:00,4.4,113.87,2014.83
2026-05-27T02:20:35.967122+00:00,4.6,114.67,2014.83
2026-05-27T02:20:36.768929+00:00,4.2,115.47,2014.83
2026-05-27T02:20:37.548042+00:00,1.6,116.41,2014.83
2026-05-27T02:20:38.378005+00:00,6.7,117.83,2014.83
2026-05-27T02:20:39.203984+00:00,4.7,118.79,2014.83
2026-05-27T02:20:40.016554+00:00,5.0,119.80,2014.83
2026-05-27T02:20:40.841788+00:00,4.1,120.16,2014.83
2026-05-27T02:20:41.668709+00:00,4.4,119.74,2014.83
2026-05-27T02:20:42.475758+00:00,4.2,121.20,2014.83
2026-05-27T02:20:43.298078+00:00,4.6,119.50,2014.83
2026-05-27T02:20:44.082373+00:00,6.2,120.75,2014.83
2026-05-27T02:20:44.906571+00:00,4.9,122.24,2014.83
2026-05-27T02:20:45.741654+00:00,4.7,123.10,2014.83
2026-05-27T02:20:46.579122+00:00,4.6,118.26,2014.83
2026-05-27T02:20:47.405402+00:00,5.1,115.43,2014.83
2026-05-27T02:20:48.222132+00:00,7.6,110.72,2014.83
2026-05-27T02:20:49.018318+00:00,4.8,110.71,2014.83
2026-05-27T02:20:49.818614+00:00,1.6,110.67,2014.83
2026-05-27T02:20:50.646227+00:00,13.9,110.66,2014.83
2026-05-27T02:20:51.448158+00:00,9.2,110.68,2014.83
2026-05-27T02:20:52.258066+00:00,8.0,110.69,2014.83
2026-05-27T02:20:53.095283+00:00,11.0,110.76,2014.83
2026-05-27T02:20:53.942040+00:00,6.4,110.77,2014.83
2026-05-27T02:20:54.794862+00:00,10.0,110.80,2014.83
2026-05-27T02:20:55.598054+00:00,6.3,110.80,2014.83
2026-05-27T02:20:56.412931+00:00,8.5,110.75,2014.83
2026-05-27T02:20:57.218048+00:00,8.1,110.72,2014.83
2026-05-27T02:20:58.020172+00:00,8.9,110.71,2014.83
2026-05-27T02:20:58.895987+00:00,10.4,110.31,2014.83
2026-05-27T02:20:59.702151+00:00,8.3,110.31,2014.83
2026-05-27T02:21:00.531660+00:00,9.7,110.31,2014.83
2026-05-27T02:21:01.323977+00:00,8.1,110.32,2014.83
2026-05-27T02:21:02.154099+00:00,8.5,110.40,2014.83
2026-05-27T02:21:02.991823+00:00,8.5,110.40,2014.83
2026-05-27T02:21:03.859755+00:00,9.5,110.38,2014.83
2026-05-27T02:21:04.678870+00:00,9.0,110.35,2014.83
2026-05-27T02:21:05.513395+00:00,8.7,110.34,2014.83
2026-05-27T02:21:06.325236+00:00,7.6,110.38,2014.83
2026-05-27T02:21:07.171409+00:00,8.7,110.43,2014.83
2026-05-27T02:21:08.046782+00:00,9.0,110.45,2014.83
2026-05-27T02:21:08.871262+00:00,6.6,110.45,2014.83
2026-05-27T02:21:09.725264+00:00,9.2,110.52,2014.83
2026-05-27T02:21:10.558805+00:00,7.7,110.52,2014.83
2026-05-27T02:21:11.400818+00:00,11.9,110.48,2014.83
2026-05-27T02:21:12.226092+00:00,6.6,110.44,2014.83
2026-05-27T02:21:13.076855+00:00,7.4,110.46,2014.83
2026-05-27T02:21:13.891794+00:00,7.1,110.47,2014.83
2026-05-27T02:21:14.717216+00:00,6.9,110.52,2014.83
2026-05-27T02:21:15.606885+00:00,8.9,110.47,2014.83
2026-05-27T02:21:16.408216+00:00,6.5,110.44,2014.83
2026-05-27T02:21:17.233316+00:00,7.1,110.51,2014.83
2026-05-27T02:21:18.017848+00:00,6.8,110.49,2014.83
2026-05-27T02:21:18.827885+00:00,8.6,110.49,2014.83
2026-05-27T02:21:19.662644+00:00,9.3,110.46,2014.83
2026-05-27T02:21:20.476464+00:00,9.3,110.42,2014.83
2026-05-27T02:21:21.344685+00:00,9.1,110.43,2014.83
2026-05-27T02:21:22.170640+00:00,8.4,110.48,2014.83
2026-05-27T02:21:23.011485+00:00,9.4,110.52,2014.83
2026-05-27T02:21:23.842873+00:00,5.3,110.56,2014.83
2026-05-27T02:21:24.688110+00:00,6.8,110.65,2014.83
2026-05-27T02:21:25.545576+00:00,9.3,110.64,2014.83
2026-05-27T02:21:26.384950+00:00,5.2,110.65,2014.83
2026-05-27T02:21:27.246410+00:00,8.8,110.59,2014.83
2026-05-27T02:21:28.092172+00:00,9.2,110.56,2014.83
2026-05-27T02:21:28.941797+00:00,6.9,110.55,2014.83
2026-05-27T02:21:29.783009+00:00,6.1,110.57,2014.83
2026-05-27T02:21:30.599766+00:00,8.2,110.55,2014.83
2026-05-27T02:21:31.427835+00:00,8.9,110.55,2014.83
2026-05-27T02:21:32.264985+00:00,6.2,110.63,2014.83
2026-05-27T02:21:33.119736+00:00,9.0,110.65,2014.83
2026-05-27T02:21:33.935944+00:00,5.7,110.61,2014.83
2026-05-27T02:21:34.708598+00:00,8.2,110.58,2014.83
2026-05-27T02:21:35.569106+00:00,9.1,110.60,2014.83
2026-05-27T02:21:36.424316+00:00,6.0,110.60,2014.83
2026-05-27T02:21:37.245930+00:00,9.6,110.60,2014.83
2026-05-27T02:21:38.093391+00:00,10.0,110.62,2014.83
2026-05-27T02:21:38.952528+00:00,8.4,110.63,2014.83
2026-05-27T02:21:39.800741+00:00,8.4,110.69,2014.83
2026-05-27T02:21:40.637007+00:00,8.5,110.72,2014.83
2026-05-27T02:21:41.447409+00:00,9.9,110.72,2014.83
2026-05-27T02:21:42.282492+00:00,7.7,110.70,2014.83
2026-05-27T02:21:43.116196+00:00,9.1,110.70,2014.83
2026-05-27T02:21:43.927684+00:00,8.4,110.70,2014.83
2026-05-27T02:21:44.765126+00:00,9.0,110.63,2014.83
2026-05-27T02:21:45.621044+00:00,7.0,110.65,2014.83
2026-05-27T02:21:46.451833+00:00,9.7,110.64,2014.83
2026-05-27T02:21:47.273062+00:00,6.7,110.70,2014.83
2026-05-27T02:21:48.111263+00:00,10.0,110.73,2014.83
2026-05-27T02:21:48.944171+00:00,5.8,110.67,2014.83
2026-05-27T02:21:49.865379+00:00,9.1,110.68,2014.83
2026-05-27T02:21:50.755458+00:00,10.3,110.64,2014.83
2026-05-27T02:21:51.598750+00:00,10.2,110.65,2014.83
2026-05-27T02:21:52.407278+00:00,7.5,110.74,2014.83
2026-05-27T02:21:53.247692+00:00,12.4,110.74,2014.83
2026-05-27T02:21:54.075490+00:00,6.1,110.76,2014.83
2026-05-27T02:21:54.932074+00:00,9.8,110.82,2014.83
2026-05-27T02:21:55.751892+00:00,7.4,110.81,2014.83
2026-05-27T02:21:56.586275+00:00,4.9,110.80,2014.83
2026-05-27T02:21:57.428435+00:00,8.5,110.79,2014.83
2026-05-27T02:21:58.260272+00:00,8.3,110.76,2014.83
2026-05-27T02:21:59.109090+00:00,8.1,110.79,2014.83
2026-05-27T02:21:59.976839+00:00,9.0,110.78,2014.83
2026-05-27T02:22:00.799360+00:00,9.2,110.73,2014.83
2026-05-27T02:22:01.607199+00:00,8.8,110.71,2014.83
2026-05-27T02:22:02.414551+00:00,6.6,110.78,2014.83
2026-05-27T02:22:03.265583+00:00,9.0,110.77,2014.83
2026-05-27T02:22:04.086376+00:00,6.9,110.74,2014.83
2026-05-27T02:22:04.956142+00:00,11.0,110.73,2014.83
2026-05-27T02:22:05.815495+00:00,12.9,110.70,2014.83
2026-05-27T02:22:06.689127+00:00,9.1,110.75,2014.83
2026-05-27T02:22:07.519532+00:00,8.0,110.76,2014.83
2026-05-27T02:22:08.400674+00:00,11.0,110.81,2014.83
2026-05-27T02:22:09.228265+00:00,7.1,110.82,2014.83
2026-05-27T02:22:10.083140+00:00,9.7,110.88,2014.83
2026-05-27T02:22:10.917280+00:00,7.4,110.89,2014.83
2026-05-27T02:22:11.761484+00:00,9.9,110.87,2014.83
2026-05-27T02:22:12.568154+00:00,7.6,110.84,2014.83
2026-05-27T02:22:13.415071+00:00,10.3,110.83,2014.83
2026-05-27T02:22:14.257131+00:00,7.4,110.78,2014.83
2026-05-27T02:22:15.170498+00:00,11.2,110.79,2014.83
2026-05-27T02:22:15.998646+00:00,7.5,110.79,2014.83
2026-05-27T02:22:16.878865+00:00,6.9,110.78,2014.83
2026-05-27T02:22:17.688327+00:00,6.6,110.86,2014.83
2026-05-27T02:22:18.593045+00:00,9.4,110.90,2014.83
2026-05-27T02:22:19.421314+00:00,8.6,110.89,2014.83
2026-05-27T02:22:20.274554+00:00,9.6,110.80,2014.83
2026-05-27T02:22:21.114991+00:00,10.5,110.81,2014.83
2026-05-27T02:22:22.066649+00:00,11.2,110.86,2014.83
2026-05-27T02:22:22.900182+00:00,8.5,110.86,2014.83
2026-05-27T02:22:23.761078+00:00,9.0,110.88,2014.83
2026-05-27T02:22:24.577763+00:00,8.3,110.95,2014.83
2026-05-27T02:22:25.398960+00:00,9.3,110.95,2014.83
2026-05-27T02:22:26.267260+00:00,8.9,110.98,2014.83
2026-05-27T02:22:27.098936+00:00,9.3,110.97,2014.83
2026-05-27T02:22:27.967973+00:00,9.2,110.96,2014.83
2026-05-27T02:22:28.791287+00:00,7.4,110.92,2014.83
2026-05-27T02:22:29.618280+00:00,9.0,110.91,2014.83
2026-05-27T02:22:30.434034+00:00,7.0,111.00,2014.83
2026-05-27T02:22:31.270885+00:00,8.0,111.00,2014.83
2026-05-27T02:22:32.131774+00:00,8.9,111.05,2014.83
2026-05-27T02:22:32.940477+00:00,7.8,111.07,2014.83
2026-05-27T02:22:33.805732+00:00,8.7,111.07,2014.83
2026-05-27T02:22:34.637277+00:00,5.8,111.03,2014.83
2026-05-27T02:22:35.500786+00:00,9.8,111.00,2014.83
2026-05-27T02:22:36.373717+00:00,8.1,110.99,2014.83
2026-05-27T02:22:37.252552+00:00,9.5,111.02,2014.83
2026-05-27T02:22:38.110020+00:00,9.9,111.04,2014.83
2026-05-27T02:22:38.958369+00:00,8.8,111.02,2014.83
2026-05-27T02:22:39.793685+00:00,8.2,111.09,2014.83
2026-05-27T02:22:40.663381+00:00,8.2,111.09,2014.83
2026-05-27T02:22:41.468629+00:00,8.4,111.10,2014.83
2026-05-27T02:22:42.298837+00:00,7.9,111.08,2014.83
2026-05-27T02:22:43.130638+00:00,9.9,111.06,2014.83
2026-05-27T02:22:43.972540+00:00,8.2,111.06,2014.83
2026-05-27T02:22:44.812657+00:00,9.2,110.98,2014.83
2026-05-27T02:22:45.662225+00:00,9.4,110.98,2014.83
2026-05-27T02:22:46.492800+00:00,9.8,110.99,2014.83
2026-05-27T02:22:47.322948+00:00,7.8,111.07,2014.83
2026-05-27T02:22:48.171074+00:00,9.3,111.07,2014.83
2026-05-27T02:22:49.007075+00:00,9.0,111.08,2014.83
2026-05-27T02:22:49.842384+00:00,7.0,111.05,2014.83
2026-05-27T02:22:50.686135+00:00,7.7,111.03,2014.83
2026-05-27T02:22:51.548288+00:00,9.0,111.03,2014.83
2026-05-27T02:22:52.363786+00:00,7.3,111.03,2014.83
2026-05-27T02:22:53.229556+00:00,10.9,111.03,2014.83
2026-05-27T02:22:54.048311+00:00,7.1,111.04,2014.83
2026-05-27T02:22:54.920107+00:00,8.9,111.11,2014.83
2026-05-27T02:22:55.744886+00:00,6.5,111.10,2014.83
2026-05-27T02:22:56.609354+00:00,7.0,111.07,2014.83
2026-05-27T02:22:57.420361+00:00,5.4,111.05,2014.83
2026-05-27T02:22:58.340826+00:00,7.8,111.00,2014.83
2026-05-27T02:22:59.184113+00:00,6.2,110.96,2014.83
2026-05-27T02:23:00.064730+00:00,7.4,110.96,2014.83
2026-05-27T02:23:00.883290+00:00,6.6,110.94,2014.83
2026-05-27T02:23:01.730050+00:00,7.1,110.93,2014.83
2026-05-27T02:23:02.542395+00:00,5.9,111.00,2014.83
2026-05-27T02:23:03.402910+00:00,7.2,111.08,2014.83
2026-05-27T02:23:04.232628+00:00,6.6,111.07,2014.83
2026-05-27T02:23:05.094591+00:00,7.7,111.05,2014.83
2026-05-27T02:23:05.933736+00:00,6.9,111.02,2014.83
2026-05-27T02:23:06.782860+00:00,7.7,111.03,2014.83
2026-05-27T02:23:07.585294+00:00,7.6,110.99,2014.83
2026-05-27T02:23:08.447634+00:00,9.0,111.11,2014.83
2026-05-27T02:23:09.307805+00:00,7.8,111.05,2014.83
2026-05-27T02:23:10.144059+00:00,7.9,111.09,2014.83
2026-05-27T02:23:10.949589+00:00,6.8,111.08,2014.83
2026-05-27T02:23:11.788308+00:00,7.9,111.03,2014.83
2026-05-27T02:23:12.590626+00:00,7.0,111.01,2014.83
2026-05-27T02:23:13.422094+00:00,6.6,111.02,2014.83
2026-05-27T02:23:14.258801+00:00,7.4,110.94,2014.83
2026-05-27T02:23:15.064511+00:00,6.5,110.93,2014.83
2026-05-27T02:23:15.899671+00:00,7.6,110.94,2014.83
2026-05-27T02:23:16.733568+00:00,7.1,110.92,2014.83
2026-05-27T02:23:17.593897+00:00,6.8,110.99,2014.83
2026-05-27T02:23:18.409695+00:00,5.8,111.00,2014.83
2026-05-27T02:23:19.250103+00:00,7.5,110.96,2014.83
2026-05-27T02:23:20.083686+00:00,5.8,110.95,2014.83
2026-05-27T02:23:20.952445+00:00,6.4,110.95,2014.83
2026-05-27T02:23:21.801097+00:00,4.0,110.97,2014.83
2026-05-27T02:23:22.658284+00:00,3.6,110.98,2014.83
2026-05-27T02:23:23.494207+00:00,5.5,111.03,2014.83
2026-05-27T02:23:24.340353+00:00,3.5,111.02,2014.83
2026-05-27T02:23:25.166334+00:00,3.6,111.05,2014.83
2026-05-27T02:23:25.985999+00:00,3.1,111.04,2014.83
2026-05-27T02:23:26.810006+00:00,3.2,111.02,2014.83
2026-05-27T02:23:27.652556+00:00,3.0,111.00,2014.83
2026-05-27T02:23:28.504355+00:00,3.0,110.96,2014.83
2026-05-27T02:23:29.325300+00:00,3.5,110.94,2014.83
2026-05-27T02:23:30.178546+00:00,4.7,110.91,2014.83
2026-05-27T02:23:31.007713+00:00,2.7,110.90,2014.83
2026-05-27T02:23:31.821596+00:00,1.8,110.88,2014.83
2026-05-27T02:23:32.610846+00:00,0.4,110.94,2014.83
2026-05-27T02:23:33.405378+00:00,6.2,111.13,2014.83
2026-05-27T02:23:34.213638+00:00,4.5,111.14,2014.83
2026-05-27T02:23:35.041766+00:00,4.5,111.10,2014.83
2026-05-27T02:23:35.868263+00:00,5.0,111.11,2014.83
2026-05-27T02:23:36.697185+00:00,5.0,111.10,2014.83
2026-05-27T02:23:37.513857+00:00,4.5,111.11,2014.83
2026-05-27T02:23:38.353507+00:00,4.8,111.19,2014.83
2026-05-27T02:23:39.162824+00:00,1.1,111.20,2014.83
2026-05-27T02:23:39.963742+00:00,2.8,111.25,2014.83
2026-05-27T02:23:40.825417+00:00,11.6,111.28,2014.83
2026-05-27T02:23:41.693343+00:00,10.6,111.23,2014.83
2026-05-27T02:23:42.583189+00:00,12.0,111.21,2014.83
2026-05-27T02:23:43.439344+00:00,8.5,111.21,2014.83
2026-05-27T02:23:44.296291+00:00,9.2,111.12,2014.83
2026-05-27T02:23:45.120222+00:00,7.7,111.11,2014.83
2026-05-27T02:23:46.007096+00:00,9.4,111.21,2014.83
2026-05-27T02:23:46.870475+00:00,6.5,111.22,2014.83
2026-05-27T02:23:47.685456+00:00,10.0,111.26,2014.83
2026-05-27T02:23:48.547506+00:00,8.1,111.27,2014.83
2026-05-27T02:23:49.408447+00:00,11.1,111.16,2014.83
2026-05-27T02:23:50.252860+00:00,8.8,111.14,2014.83
2026-05-27T02:23:51.050063+00:00,12.3,111.14,2014.83
2026-05-27T02:23:51.933515+00:00,8.8,111.16,2014.83
2026-05-27T02:23:52.764246+00:00,9.7,111.16,2014.83
2026-05-27T02:23:53.654012+00:00,9.0,111.15,2014.83
2026-05-27T02:23:54.507798+00:00,7.8,111.18,2014.83
2026-05-27T02:23:55.349930+00:00,9.3,111.16,2014.83
2026-05-27T02:23:56.194127+00:00,7.5,111.16,2014.83
2026-05-27T02:23:57.045473+00:00,9.3,111.11,2014.83
2026-05-27T02:23:57.913564+00:00,7.8,111.14,2014.83
2026-05-27T02:23:58.760938+00:00,10.4,111.12,2014.83
2026-05-27T02:23:59.614910+00:00,7.1,111.09,2014.83
2026-05-27T02:24:00.425308+00:00,8.5,111.07,2014.83
2026-05-27T02:24:01.289880+00:00,9.7,111.08,2014.83
2026-05-27T02:24:02.108978+00:00,6.3,111.15,2014.83
2026-05-27T02:24:02.951183+00:00,8.0,111.16,2014.83
2026-05-27T02:24:03.795256+00:00,8.8,111.18,2014.83
2026-05-27T02:24:04.633843+00:00,7.4,111.17,2014.83
2026-05-27T02:24:05.487432+00:00,9.5,111.13,2014.83
2026-05-27T02:24:06.343478+00:00,7.3,111.11,2014.83
2026-05-27T02:24:07.177800+00:00,8.6,111.16,2014.83
2026-05-27T02:24:08.018846+00:00,10.0,111.15,2014.83
2026-05-27T02:24:08.889482+00:00,8.8,111.17,2014.83
2026-05-27T02:24:09.733606+00:00,6.2,111.23,2014.83
2026-05-27T02:24:10.597135+00:00,8.8,111.24,2014.83
2026-05-27T02:24:11.426685+00:00,6.0,111.23,2014.83
2026-05-27T02:24:12.285505+00:00,7.1,111.23,2014.83
2026-05-27T02:24:13.112958+00:00,6.0,111.23,2014.83
2026-05-27T02:24:13.958387+00:00,9.4,111.21,2014.83
2026-05-27T02:24:14.798857+00:00,7.3,111.13,2014.83
2026-05-27T02:24:15.674274+00:00,9.9,111.11,2014.83
2026-05-27T02:24:16.525032+00:00,9.2,111.12,2014.83
2026-05-27T02:24:17.435692+00:00,10.3,111.19,2014.83
2026-05-27T02:24:18.280241+00:00,8.2,111.19,2014.83
2026-05-27T02:24:19.144107+00:00,9.8,111.21,2014.83
2026-05-27T02:24:20.006137+00:00,8.2,111.17,2014.83
2026-05-27T02:24:20.849107+00:00,10.4,111.14,2014.83
2026-05-27T02:24:21.735266+00:00,11.8,111.15,2014.83
2026-05-27T02:24:22.565778+00:00,8.7,111.16,2014.83
2026-05-27T02:24:23.458696+00:00,10.8,111.19,2014.83
2026-05-27T02:24:24.346763+00:00,7.5,111.28,2014.83
2026-05-27T02:24:25.188527+00:00,6.6,111.33,2014.83
2026-05-27T02:24:25.997886+00:00,8.8,111.36,2014.83
2026-05-27T02:24:26.835346+00:00,8.8,111.31,2014.83
2026-05-27T02:24:27.626339+00:00,6.6,111.27,2014.83
2026-05-27T02:24:28.450712+00:00,10.2,111.24,2014.83
2026-05-27T02:24:29.293282+00:00,9.5,111.24,2014.83
2026-05-27T02:24:30.128160+00:00,9.9,111.23,2014.83
2026-05-27T02:24:30.987493+00:00,9.0,111.22,2014.83
2026-05-27T02:24:31.866078+00:00,8.8,111.22,2014.83
2026-05-27T02:24:32.728229+00:00,10.2,111.28,2014.83
2026-05-27T02:24:33.565038+00:00,8.1,111.31,2014.83
2026-05-27T02:24:34.403154+00:00,9.8,111.30,2014.83
2026-05-27T02:24:35.237526+00:00,6.9,111.27,2014.83
2026-05-27T02:24:36.118269+00:00,11.1,111.20,2014.83
2026-05-27T02:24:36.989554+00:00,8.2,111.23,2014.83
2026-05-27T02:24:37.860424+00:00,9.6,111.26,2014.83
2026-05-27T02:24:38.727574+00:00,7.9,111.27,2014.83
2026-05-27T02:24:39.628706+00:00,9.3,111.34,2014.83
2026-05-27T02:24:40.504622+00:00,7.2,111.34,2014.83
2026-05-27T02:24:41.381849+00:00,9.5,111.36,2014.83
2026-05-27T02:24:42.218079+00:00,7.1,111.31,2014.83
2026-05-27T02:24:43.030932+00:00,8.9,111.31,2014.83
2026-05-27T02:24:43.875405+00:00,8.9,111.28,2014.83
2026-05-27T02:24:44.740489+00:00,10.9,111.23,2014.83
2026-05-27T02:24:45.612686+00:00,8.3,111.24,2014.83
2026-05-27T02:24:46.443144+00:00,7.4,111.25,2014.83
2026-05-27T02:24:47.259703+00:00,8.7,111.35,2014.83
2026-05-27T02:24:48.097670+00:00,7.6,111.35,2014.83
2026-05-27T02:24:48.939432+00:00,6.8,111.36,2014.83
2026-05-27T02:24:49.788433+00:00,6.7,111.31,2014.83
2026-05-27T02:24:50.623915+00:00,8.4,111.31,2014.83
2026-05-27T02:24:51.443285+00:00,5.4,111.31,2014.83
2026-05-27T02:24:52.299121+00:00,7.0,111.34,2014.83
2026-05-27T02:24:53.140458+00:00,8.9,111.34,2014.83
2026-05-27T02:24:54.009586+00:00,8.8,111.32,2014.83
2026-05-27T02:24:54.835214+00:00,6.2,111.37,2014.83
2026-05-27T02:24:55.703132+00:00,6.9,111.35,2014.83
2026-05-27T02:24:56.548683+00:00,6.1,111.34,2014.83
2026-05-27T02:24:57.363307+00:00,7.2,111.33,2014.83
2026-05-27T02:24:58.151303+00:00,7.2,111.30,2014.83
2026-05-27T02:24:58.938003+00:00,8.2,111.25,2014.83
2026-05-27T02:24:59.758229+00:00,7.2,111.22,2014.83
2026-05-27T02:25:00.601166+00:00,6.5,111.21,2014.83
2026-05-27T02:25:01.438119+00:00,8.3,111.22,2014.83
2026-05-27T02:25:02.262464+00:00,6.1,111.40,2014.83
2026-05-27T02:25:03.086533+00:00,7.3,111.42,2014.83
2026-05-27T02:25:03.940107+00:00,5.6,111.38,2014.83
2026-05-27T02:25:04.818217+00:00,8.1,111.31,2014.83
2026-05-27T02:25:05.666839+00:00,5.6,111.26,2014.83
2026-05-27T02:25:06.558441+00:00,7.1,111.29,2014.83
2026-05-27T02:25:07.365905+00:00,5.8,111.26,2014.83
2026-05-27T02:25:08.216263+00:00,10.1,111.26,2014.83
2026-05-27T02:25:09.042076+00:00,7.5,111.29,2014.83
2026-05-27T02:25:09.840818+00:00,7.1,111.33,2014.83
2026-05-27T02:25:10.644693+00:00,6.5,111.30,2014.83
2026-05-27T02:25:11.443205+00:00,3.0,111.24,2014.83
2026-05-27T02:25:12.238888+00:00,3.0,111.23,2014.83
2026-05-27T02:25:13.079750+00:00,3.6,111.23,2014.83
2026-05-27T02:25:13.896104+00:00,3.3,111.23,2014.83
2026-05-27T02:25:14.726466+00:00,3.0,111.18,2014.83
2026-05-27T02:25:15.550104+00:00,3.2,111.16,2014.83
2026-05-27T02:25:16.385745+00:00,6.1,111.17,2014.83
2026-05-27T02:25:17.216783+00:00,3.2,111.25,2014.83
2026-05-27T02:25:18.038682+00:00,3.7,111.25,2014.83
2026-05-27T02:25:18.872815+00:00,3.3,111.27,2014.83
2026-05-27T02:25:19.700939+00:00,3.4,111.24,2014.83
2026-05-27T02:25:20.548798+00:00,2.6,111.18,2014.83
2026-05-27T02:25:21.360096+00:00,2.1,111.20,2014.83
2026-05-27T02:25:22.152561+00:00,0.9,111.20,2014.83
2026-05-27T02:25:22.929480+00:00,5.2,111.23,2014.83
2026-05-27T02:25:23.763853+00:00,4.1,111.25,2014.83
2026-05-27T02:25:24.590509+00:00,4.3,111.35,2014.83
2026-05-27T02:25:25.386483+00:00,4.6,111.34,2014.83
2026-05-27T02:25:26.194123+00:00,5.4,111.36,2014.83
2026-05-27T02:25:26.975779+00:00,4.1,111.35,2014.83
2026-05-27T02:25:27.787276+00:00,3.9,111.30,2014.83
2026-05-27T02:25:28.613228+00:00,2.4,111.29,2014.83
2026-05-27T02:25:29.421779+00:00,0.9,111.27,2014.83
2026-05-27T02:25:30.237157+00:00,11.3,111.26,2014.83
2026-05-27T02:25:31.104928+00:00,10.9,111.26,2014.83
2026-05-27T02:25:31.969031+00:00,9.3,111.26,2014.83
2026-05-27T02:25:32.801995+00:00,8.7,111.32,2014.83
2026-05-27T02:25:33.650599+00:00,6.6,111.37,2014.83
2026-05-27T02:25:34.492961+00:00,9.1,111.35,2014.83
2026-05-27T02:25:35.309396+00:00,7.0,111.33,2014.83
2026-05-27T02:25:36.165820+00:00,9.6,111.31,2014.83
2026-05-27T02:25:36.990556+00:00,7.9,111.35,2014.83
2026-05-27T02:25:37.858238+00:00,11.4,111.34,2014.83
2026-05-27T02:25:38.676913+00:00,10.0,111.29,2014.83
2026-05-27T02:25:39.575759+00:00,11.9,111.41,2014.83
2026-05-27T02:25:40.405464+00:00,7.9,111.50,2014.83
2026-05-27T02:25:41.288238+00:00,9.8,111.50,2014.83
2026-05-27T02:25:42.113084+00:00,7.9,111.46,2014.83
2026-05-27T02:25:42.979617+00:00,11.1,111.41,2014.83
2026-05-27T02:25:43.815318+00:00,10.0,111.38,2014.83
2026-05-27T02:25:44.666163+00:00,9.3,111.36,2014.83
2026-05-27T02:25:45.502475+00:00,8.5,111.33,2014.83
2026-05-27T02:25:46.321027+00:00,9.8,111.28,2014.83
2026-05-27T02:25:47.157482+00:00,9.5,111.21,2014.83
2026-05-27T02:25:47.988629+00:00,9.5,111.24,2014.83
2026-05-27T02:25:48.843587+00:00,8.8,111.27,2014.83
2026-05-27T02:25:49.677397+00:00,9.1,111.23,2014.83
2026-05-27T02:25:50.523484+00:00,9.1,111.18,2014.83
2026-05-27T02:25:51.363007+00:00,9.2,111.15,2014.83
2026-05-27T02:25:52.209156+00:00,9.4,111.19,2014.83
2026-05-27T02:25:53.044204+00:00,9.3,111.20,2014.83
2026-05-27T02:25:53.920224+00:00,9.0,111.16,2014.83
2026-05-27T02:25:54.750348+00:00,7.4,111.24,2014.83
2026-05-27T02:25:55.627240+00:00,8.7,111.24,2014.83
2026-05-27T02:25:56.496373+00:00,6.0,111.23,2014.83
2026-05-27T02:25:57.372837+00:00,9.6,111.24,2014.83
2026-05-27T02:25:58.210515+00:00,7.7,111.24,2014.83
2026-05-27T02:25:59.097501+00:00,11.8,111.22,2014.83
2026-05-27T02:25:59.958762+00:00,7.6,111.20,2014.83
2026-05-27T02:26:00.783073+00:00,10.5,111.21,2014.83
2026-05-27T02:26:01.617670+00:00,10.9,111.20,2014.83
2026-05-27T02:26:02.434982+00:00,10.0,111.25,2014.83
2026-05-27T02:26:03.248492+00:00,8.7,111.27,2014.83
2026-05-27T02:26:04.097734+00:00,36.2,111.34,2014.83
2026-05-27T02:26:04.945440+00:00,8.5,111.26,2014.83
2026-05-27T02:26:05.738471+00:00,10.8,111.23,2014.83
2026-05-27T02:26:06.612584+00:00,9.3,111.24,2014.83
2026-05-27T02:26:07.421896+00:00,8.2,111.22,2014.83
2026-05-27T02:26:08.275958+00:00,10.9,111.22,2014.83
2026-05-27T02:26:09.096133+00:00,7.8,111.17,2014.83
2026-05-27T02:26:09.969033+00:00,10.0,111.23,2014.83
2026-05-27T02:26:10.809216+00:00,6.7,111.19,2014.83
2026-05-27T02:26:11.700387+00:00,10.3,111.16,2014.83
2026-05-27T02:26:12.515153+00:00,7.2,111.14,2014.83
2026-05-27T02:26:13.373870+00:00,7.2,111.13,2014.83
2026-05-27T02:26:14.211307+00:00,6.4,111.08,2014.83
2026-05-27T02:26:15.073239+00:00,9.9,111.05,2014.83
2026-05-27T02:26:15.928471+00:00,7.3,111.04,2014.83
2026-05-27T02:26:16.805160+00:00,10.2,111.08,2014.83
2026-05-27T02:26:17.594440+00:00,8.1,111.26,2014.83
2026-05-27T02:26:18.389863+00:00,9.2,111.27,2014.83
2026-05-27T02:26:19.195406+00:00,8.8,111.27,2014.83
2026-05-27T02:26:19.986517+00:00,10.0,111.20,2014.83
2026-05-27T02:26:20.813962+00:00,10.0,111.16,2014.83
2026-05-27T02:26:21.656377+00:00,7.8,111.13,2014.83
2026-05-27T02:26:22.500539+00:00,10.8,111.11,2014.83
2026-05-27T02:26:23.332280+00:00,10.8,111.14,2014.83
2026-05-27T02:26:24.151407+00:00,11.7,111.15,2014.83
2026-05-27T02:26:24.967352+00:00,8.4,111.23,2014.83
2026-05-27T02:26:25.830202+00:00,9.0,111.24,2014.83
2026-05-27T02:26:26.668441+00:00,7.5,111.25,2014.83
2026-05-27T02:26:27.510309+00:00,9.6,111.18,2014.83
2026-05-27T02:26:28.344281+00:00,7.6,111.19,2014.83
2026-05-27T02:26:29.207156+00:00,10.2,111.17,2014.83
2026-05-27T02:26:30.033120+00:00,7.5,111.16,2014.83
2026-05-27T02:26:30.854449+00:00,9.0,111.15,2014.83
2026-05-27T02:26:31.654001+00:00,9.2,111.14,2014.83
2026-05-27T02:26:32.452787+00:00,10.5,111.23,2014.83
2026-05-27T02:26:33.245860+00:00,8.4,111.20,2014.83
2026-05-27T02:26:34.022893+00:00,8.0,111.17,2014.83
2026-05-27T02:26:34.855349+00:00,7.3,111.16,2014.83
2026-05-27T02:26:35.641278+00:00,8.5,111.10,2014.83
2026-05-27T02:26:36.451041+00:00,7.3,111.11,2014.83
2026-05-27T02:26:37.263721+00:00,5.9,111.12,2014.83
2026-05-27T02:26:38.106776+00:00,9.2,111.14,2014.83
2026-05-27T02:26:38.928364+00:00,5.6,111.14,2014.83
2026-05-27T02:26:39.815540+00:00,6.9,111.22,2014.83
2026-05-27T02:26:40.594271+00:00,5.5,111.20,2014.83
2026-05-27T02:26:41.448265+00:00,8.4,111.24,2014.83
2026-05-27T02:26:42.303716+00:00,5.4,111.19,2014.83
2026-05-27T02:26:43.172816+00:00,7.2,111.17,2014.83
2026-05-27T02:26:43.997158+00:00,6.3,111.14,2014.83
2026-05-27T02:26:44.848354+00:00,7.0,111.10,2014.83
2026-05-27T02:26:45.680202+00:00,6.0,111.11,2014.83
2026-05-27T02:26:46.517736+00:00,7.2,111.10,2014.83
2026-05-27T02:26:47.308811+00:00,6.5,111.17,2014.83
2026-05-27T02:26:48.103892+00:00,7.7,111.18,2014.83
2026-05-27T02:26:48.878105+00:00,7.7,111.21,2014.83
2026-05-27T02:26:49.685108+00:00,7.9,111.13,2014.83
2026-05-27T02:26:50.519664+00:00,7.1,111.14,2014.83
2026-05-27T02:26:51.392477+00:00,6.9,111.13,2014.83
2026-05-27T02:26:52.189241+00:00,6.7,111.15,2014.83
2026-05-27T02:26:52.963876+00:00,5.9,111.10,2014.83
2026-05-27T02:26:53.834973+00:00,7.1,111.13,2014.83
2026-05-27T02:26:54.670518+00:00,5.6,111.22,2014.83
2026-05-27T02:26:55.482756+00:00,8.7,111.29,2014.83
2026-05-27T02:26:56.263710+00:00,7.0,111.30,2014.83
2026-05-27T02:26:57.039908+00:00,6.2,111.28,2014.83
2026-05-27T02:26:57.881306+00:00,6.8,111.25,2014.83
2026-05-27T02:26:58.732040+00:00,5.7,111.16,2014.83
2026-05-27T02:26:59.580035+00:00,2.5,111.09,2014.83
2026-05-27T02:27:00.398729+00:00,1.7,111.07,2014.83
2026-05-27T02:27:01.221884+00:00,0.6,111.06,2014.83
2026-05-27T02:27:02.035059+00:00,0.3,109.47,2014.83
2026-05-27T02:27:02.818104+00:00,0.4,109.52,2014.83
2026-05-27T02:27:03.626768+00:00,1.9,108.04,2014.83
2026-05-27T02:27:04.403576+00:00,1.1,108.03,2014.83
2026-05-27T02:27:05.193515+00:00,1.6,108.01,2014.83
2026-05-27T02:27:05.975481+00:00,2.2,108.02,2014.83
2026-05-27T02:27:06.741374+00:00,0.9,108.07,2014.83
2026-05-27T02:27:07.506488+00:00,0.6,108.06,2014.83
2026-05-27T02:27:08.296613+00:00,4.6,108.05,2014.83
2026-05-27T02:27:09.110718+00:00,4.6,93.88,2014.83
2026-05-27T02:27:10.547828+00:00,2.8,90.14,2014.83
